<?xml version="1.0" encoding="UTF-8"?><collection xmlns="http://www.loc.gov/MARC21/slim"><record><leader>00412nam--2200133-i-4500</leader><controlfield tag="001">000000091</controlfield><controlfield tag="002">20161230</controlfield><controlfield tag="005">20161230201023</controlfield><controlfield tag="008">060222s1000------------r-----000-0-eng-d</controlfield><datafield ind1=" " ind2=" " tag="080"><subfield code="a">620.1:620.179.1(061.3)</subfield></datafield><datafield ind1=" " ind2=" " tag="245"><subfield code="a">Microstructural science</subfield></datafield><datafield ind1=" " ind2=" " tag="260"><subfield code="a">New York, American Elsevier Publishing Company Incorporation. X + 245 P</subfield></datafield><datafield ind1=" " ind2=" " tag="700"><subfield code="a">Fritzke, Gerald, Richardson, James H. And Mccall, James L</subfield></datafield><datafield ind1=" " ind2=" " tag="852"><subfield code="a">46018</subfield></datafield></record></collection>